@misc{dahal_2017_study,
  author = {Dahal, Saurav},
  title = {Study on Existing Attacks to Reveal BitTorrent User's IP address in Tor Network Channel characterization in millimeter wave frequencies View project Tor Network View project},
  urldate = {2022-03-02},
  year = {2017}
}

@misc{dingledine_2018_tor,
  author = {Dingledine, Roger},
  month = {07},
  title = {Tor: The Second-Generation Onion Router},
  year = {2018}
}

@misc{ruizmartnez_2018_tor,
  author = {Ruiz-Mart√≠nez, Antonio and Trujillo, Diana},
  month = {08},
  title = {Tor Hidden Services: a Systematic Literature Review Electronic and Mobile Payment View Project IoT Security View Project Tor Hidden Services: a Systematic Literature Review},
  urldate = {2022-03-02},
  year = {2018}
}

@misc{vanrijsbergen_2020_tor,
  author = {Van Rijsbergen, Nicky and Valk, Kevin},
  month = {09},
  title = {Tor Vs the NSA},
  urldate = {2022-03-02},
  year = {2020}
}

@book{tamma_2020_final,
  author = {Tamma, Bheemarjuna and Madhura, A and Franklin, Antony and Agrawal, Tulika},
  month = {01},
  pages = {41},
  publisher = {NASSCOM CENTER OF EXCELLENCE FOR INTERNET OF THINGS},
  title = {Final Report Research Engagemenet On IPv6 for IoT},
  year = {2020}
}

@article{dwiputrakurniadi_2015_the,
  author = {Dwiputra Kurniadi, David},
  pages = {19-22},
  title = {The Difference Between Using Proxy Server and VPN},
  urldate = {2022-03-02},
  volume = {2},
  year = {2015},
  journal = {The Difference Between Using Proxy Server and VPN}
}

@misc{dingledine_2009_performance,
  author = {Dingledine, Roger and Murdoch, Steven},
  title = {Performance Improvements on Tor or, Why Tor is slow and what we're going to do about it},
  urldate = {2022-03-02},
  year = {2009}
}

@article{haraty_2014_the,
  author = {Haraty, Ramzi and Zantout, Bassam},
  title = {The TOR data communication system: A survey Damage Assessment and Recovery from Malicious Attacks for Defensive Information Warfare View project High-Performance and Accurate Mathematical Solvers in Hardware View project The TOR Data Communication System},
  doi = {10.1109/JCN.2014.000071},
  urldate = {2022-03-02},
  year = {2014},
  journal = {Article in Journal of Communications and Networks}
}

@misc{a1_2018_a,
  author = {#1, Karthigeyan and Joel, Robinson and #2, M and #3, Manikandan and #4, Guru and #5, Raman},
  title = {A Comprehensive Behavior Analysis of TOR versus I2P},
  urldate = {2022-03-02},
  year = {2018}
}

@article{ogundijo_2021_zerotrust,
  author = {Ogundijo, Aduragbemi and Abdalla, Atiff},
  month = {10},
  title = {Zero-Trust vs. Software Defined Perimeter vs. VPN (NETWORKS) The opinion of intellectuals: questions and answers View project},
  doi = {10.13140/RG.2.2.19996.62086},
  urldate = {2022-03-02},
  year = {2021},
  journal = {Zero-Trust vs. Software Defined Perimeter vs. VPN (NETWORKS)}
}