[1]A. Abdullah, “DETECTION AND MONITORING SYSTEM OF SMOKE CONCENTRATION WITH SMOKE DETECTOR AND CAMERA TRACKER,” FISITEK, vol. 2, no. 1, p. 1, Feb. 2018, doi: 10.30821/fisitek.v2i1.1433.
[2]M. R. Hidayat, C. Christiono, and B. S. Sapudin, “PERANCANGAN SISTEM KEAMANAN RUMAH BERBASIS IoT DENGAN NodeMCU ESP8266 MENGGUNAKAN SENSOR PIR HC-SR501 DAN SENSOR SMOKE DETECTOR,” kilat, vol. 7, no. 2, pp. 139–148, Nov. 2018, doi: 10.33322/kilat.v7i2.357.
[3]M. S. Mohamad Adenan, A. N. Mas Erwan, and M. N. H. Muzaffar Alfian, “Smart Smoke Detector,” ijortas, vol. 3, no. 1, pp. 16–31, Mar. 2021, doi: 10.36079/lamintang.ijortas-0301.198.

